<collection xmlns="http://www.loc.gov/MARC21/slim">
<record>
  <leader>01190nam0a2200241 i 450 </leader>
  <controlfield tag="001">IT\ICCU\CNCE\054676</controlfield>
  <controlfield tag="005">20201102000000.0</controlfield>
  <datafield tag="012" ind1=" " ind2=" ">
    <subfield code="a">e.te cono cono cono (C) 1513 (Q)</subfield>
    <subfield code="2">fei</subfield>
  </datafield>
  <datafield tag="100" ind1=" " ind2=" ">
    <subfield code="a">20031106f1513        0itac0103    ba</subfield>
  </datafield>
  <datafield tag="101" ind1=" " ind2=" ">
    <subfield code="a">ITA</subfield>
  </datafield>
  <datafield tag="102" ind1=" " ind2=" ">
    <subfield code="a">IT</subfield>
  </datafield>
  <datafield tag="200" ind1="1" ind2=" ">
    <subfield code="a">℗La ℗rota de Venetiani fatta nouamente adi VII de octobre MDXIII</subfield>
  </datafield>
  <datafield tag="210" ind1=" " ind2=" ">
    <subfield code="d">\1513!</subfield>
  </datafield>
  <datafield tag="215" ind1=" " ind2=" ">
    <subfield code="a">\4! c.</subfield>
    <subfield code="c">ill.</subfield>
    <subfield code="d">4ʻ</subfield>
  </datafield>
  <datafield tag="300" ind1=" " ind2=" ">
    <subfield code="a">Alla fine del testo: Composto per lauctore Perusino da la Rotunda. - Stampata a Roma da Etienne Guillery ed Ercole Nani; per il tipografo cfr.: F. Barberi, Tipografi romani del Cinquecento, p. 51. - Esiste altra edizione ricomposta riga per riga</subfield>
  </datafield>
  <datafield tag="620" ind1=" " ind2=" ">
    <subfield code="a">IT</subfield>
    <subfield code="d">Roma</subfield>
  </datafield>
  <datafield tag="700" ind1=" " ind2="0">
    <subfield code="a">Perossino</subfield>
    <subfield code="c"> : dalla#Rotonda</subfield>
    <subfield code="3">IT\ICCU\CNCA\016512</subfield>
  </datafield>
  <datafield tag="712" ind1="0" ind2="0">
    <subfield code="a">Guillery, Etienne &amp; Nani, Ercole</subfield>
    <subfield code="3">IT\ICCU\CNCT\000709</subfield>
    <subfield code="4">650</subfield>
  </datafield>
  <datafield tag="790" ind1=" " ind2="0">
    <subfield code="a">Perugino</subfield>
    <subfield code="c"> : della#Ritonda</subfield>
    <subfield code="3">IT\ICCU\CNCA\016513</subfield>
    <subfield code="z">Perossino : dalla#Rotonda</subfield>
  </datafield>
  <datafield tag="790" ind1=" " ind2="0">
    <subfield code="a">Perusino</subfield>
    <subfield code="c"> : della#Rotunda</subfield>
    <subfield code="3">IT\ICCU\CNCA\016515</subfield>
    <subfield code="z">Perossino : dalla#Rotonda</subfield>
  </datafield>
  <datafield tag="790" ind1=" " ind2="0">
    <subfield code="a">Perosino</subfield>
    <subfield code="c"> : della#Rotonda</subfield>
    <subfield code="3">IT\ICCU\CNCA\016516</subfield>
    <subfield code="z">Perossino : dalla#Rotonda</subfield>
  </datafield>
  <datafield tag="801" ind1=" " ind2="3">
    <subfield code="a">IT</subfield>
    <subfield code="b">ICCU</subfield>
    <subfield code="c">20201115</subfield>
  </datafield>
  <datafield tag="899" ind1=" " ind2=" ">
    <subfield code="a">Biblioteca Apostolica Vaticana. Citt ̉del Vaticano</subfield>
    <subfield code="1">EX0001</subfield>
    <subfield code="2">ZCV 01</subfield>
  </datafield>
</record>
</collection>
